@article{graph2vec,
  title={graph2vec: Learning Distributed Representations of Graphs},
  author={Annamalai Narayanan and Mahinthan Chandramohan and Rajasekar Venkatesan and Lihui Chen and Yang Liu and Shantanu Jaiswal},
  journal={ArXiv},
  year={2017},
  volume={abs/1707.05005}
}

@manual{clc-user-manual,
        organization = {Copernicus Land Monitoring Service},
        title = {CORINE Land Cover, User Manual},
        year = {2021}
}

@article{survey-graph-embedding,
  title={A Comprehensive Survey of Graph Embedding: Problems, Techniques, and Applications},
  author={Hongyun Cai and Vincent Wenchen Zheng and Kevin Chen-Chuan Chang},
  journal={IEEE Transactions on Knowledge and Data Engineering},
  year={2018},
  volume={30},
  pages={1616-1637}
}

@article{survey-deep-graph-similarity,
  title={Deep Graph Similarity Learning: A Survey},
  author={Guixiang Ma and Nesreen Ahmed and Theodore L. Willke and Philip S. Yu},
  journal={ArXiv},
  year={2021},
  volume={abs/1912.11615}
}